<?xml version="1.0" encoding="UTF-8"?><collection xmlns="http://www.loc.gov/MARC21/slim"><record><leader>00401nam--2200169-i-4500</leader><controlfield tag="001">000037554</controlfield><controlfield tag="002">20161230</controlfield><controlfield tag="005">20161230201041</controlfield><controlfield tag="008">060222s1000------------r-----000-0-eng-d</controlfield><datafield ind1=" " ind2=" " tag="040"><subfield code="a">IFIN-HH</subfield></datafield><datafield ind1=" " ind2=" " tag="080"><subfield code="a">535.1</subfield></datafield><datafield ind1="1" ind2=" " tag="100"><subfield code="a">Garbuny, Max</subfield></datafield><datafield ind1="1" ind2="0" tag="245"><subfield code="a">Optical physics</subfield><subfield code="c">Max barbuny</subfield></datafield><datafield ind1=" " ind2=" " tag="260"><subfield code="a">LONDON</subfield><subfield code="b">Academic Press</subfield><subfield code="c">1965</subfield></datafield><datafield ind1=" " ind2=" " tag="300"><subfield code="a">466 P</subfield></datafield><datafield ind1=" " ind2=" " tag="852"><subfield code="a">24207</subfield><subfield code="c">535</subfield></datafield><datafield ind1=" " ind2=" " tag="CAT"><subfield code="a">Sys</subfield><subfield code="c">20101025</subfield><subfield code="h">111518</subfield></datafield></record></collection>